<record><leader>00000cas a22000007a 4500</leader><controlfield tag="001">15726447</controlfield><controlfield tag="008">870522d18971932iauwr ne      0    0eng d</controlfield><datafield ind1=" " ind2=" " tag="010"><subfield code="a">sn 87057491 </subfield></datafield><datafield ind1=" " ind2=" " tag="040"><subfield code="a">INP</subfield><subfield code="b">eng</subfield><subfield code="c">INP</subfield><subfield code="d">OCLCQ</subfield></datafield><datafield ind1=" " ind2=" " tag="042"><subfield code="a">msc</subfield></datafield><datafield ind1="0" ind2="0" tag="245"><subfield code="a">Lacona ledger.</subfield></datafield><datafield ind1="1" ind2="7" tag="246"><subfield code="a">Ledger, Lacona, Iowa</subfield></datafield><datafield ind1=" " ind2=" " tag="260"><subfield code="a">Lacona, Iowa :</subfield><subfield code="b">Pangburn &amp; Sullivan</subfield></datafield><datafield ind1=" " ind2=" " tag="300"><subfield code="a">v.</subfield></datafield><datafield ind1=" " ind2=" " tag="310"><subfield code="a">Weekly</subfield></datafield><datafield ind1="1" ind2=" " tag="362"><subfield code="a">Issued 1897-June 24, 1932.</subfield></datafield><datafield ind1=" " ind2=" " tag="500"><subfield code="a">Publisher varies.</subfield></datafield><datafield ind1=" " ind2=" " tag="588"><subfield code="a">Description based on: Vol. 11, no. 11 (Nov. 22, 1907).</subfield></datafield><datafield ind1=" " ind2=" " tag="752"><subfield code="a">United States</subfield><subfield code="b">Iowa</subfield><subfield code="c">Warren</subfield><subfield code="d">Lacona.</subfield></datafield><datafield ind1="0" ind2="4" tag="785"><subfield code="t">Milo motor (Milo, Iowa : 1925)</subfield><subfield code="w">(DLC)sn 87057490</subfield></datafield></record>